@book{koza92,
		author    = "Koza, John R.",
		title     = "Genetic Programming: On the Programming of Computers by Means of Natural Selection",
		publisher = "MIT Press",
		year      = "1992"
}


@misc{ wiki:latex,
       author = "Wikipedia",
       title = "LaTeX --- Wikipedia{,} La enciclopedia libre",
       year = "2015",
       url = "https://es.wikipedia.org/w/index.php?title=LaTeX&oldid=84209252",
       note = "[Internet; descargado 30-septiembre-2015]"
}

@misc{kalman_filter,
  author       = {ScienceDirect},
  url          = {https://www.sciencedirect.com/topics/earth-and-planetary-sciences/kalman-filter#:~:text=The%20Kalman%20Filter%20is%20an,the%20uncertainty%20of%20the%20estimates.},
  title        = {Kalman Filter},
  year         = {2019}
}

@misc{knn,
  author       = {IBM},
  url          = {https://www.ibm.com/topics/knn},
  title        = {K-Nearest Neighbors Algorithm},
  year         = {}
}