@misc{ edgeComputing,
       author = {Red Hat},
       title = {Qué es Edge Computing},
       year = {2021},
       url = {https://www.redhat.com/es/topics/edge-computing/what-is-edge-computing},
}


@misc{ deepLearning,
       author = {IBM},
       title = {Qué es Deep Learning},
       url = {https://www.ibm.com/es-es/cloud/watson-studio/deep-learning},
}